<?xml version="1.0" encoding="UTF-8"?><collection xmlns="http://www.loc.gov/MARC21/slim"><record><leader>00599nam--2200181-i-4500</leader><controlfield tag="001">000029428</controlfield><controlfield tag="002">20161230</controlfield><controlfield tag="005">20161230201037</controlfield><controlfield tag="008">060222s1000------------r-----000-0-fre-d</controlfield><datafield ind1=" " ind2=" " tag="040"><subfield code="a">IFIN-HH</subfield></datafield><datafield ind1=" " ind2=" " tag="041"><subfield code="a">fre</subfield></datafield><datafield ind1=" " ind2=" " tag="080"><subfield code="a">539.172.2(043)</subfield></datafield><datafield ind1="1" ind2=" " tag="100"><subfield code="a">Leconte, Philippe</subfield></datafield><datafield ind1="1" ind2="0" tag="245"><subfield code="a">Realisation d`un systeme d`etudes de la structure nucleaire par diffusion d`electronsapplication a la mesure de la densite de charge de 58ni</subfield><subfield code="b">These</subfield><subfield code="c">Philippe leconte</subfield></datafield><datafield ind1=" " ind2=" " tag="260"><subfield code="a">Paris</subfield><subfield code="b">Universite De Paris-sud</subfield><subfield code="c">1976</subfield></datafield><datafield ind1=" " ind2=" " tag="300"><subfield code="a">III + 114P. + 42P.FIG</subfield></datafield><datafield ind1=" " ind2=" " tag="852"><subfield code="a">44952</subfield><subfield code="c">539.17</subfield></datafield><datafield ind1=" " ind2=" " tag="CAT"><subfield code="a">Sys</subfield><subfield code="c">20120618</subfield><subfield code="h">112300</subfield></datafield></record></collection>